
@misc{ProjectGuide,
	author = {Keiren, J. J. A.},
	title = {System {V}alidation ({IN}4387), {P}roject {G}uide},
	howpublished = {Project {G}uide},
	institution = {VU University Amsterdam},
	month = {November},
	year = {2013}
}

@ONLINE{mcrl2website,
	title = {m{CRL}2: Analysing {S}ystem {B}ehaviour},
	month = {January},
	year = {2014},
	url = {http://www.mcrl2.org/release/user_manual/index.html}
}

@article{Tange2011a,
 title = {{GNU} {P}arallel - {T}he {C}ommand-{L}ine {P}ower {T}ool},
 author = {O. Tange},
 address = {Frederiksberg, Denmark},
 journal = {;login: The USENIX Magazine},
 month = {Feb},
 number = {1},
 volume = {36},
 url = {http://www.gnu.org/s/parallel},
 year = {2011},
 pages = {42-47}
}

